@article{1958parker,
  title={Dynamics of the interplanetary gas and magnetic fields.},
  author={Parker, Eugene N},
  journal={The Astrophysical Journal},
  volume={128},
  pages={664},
  year={1958}
}

@article{1989hydroquebec,
    author = {Boteler, D. H.},
    title = {A 21st Century View of the March 1989 Magnetic Storm},
    journal = {Space Weather},
    volume = {17},
    number = {10},
    pages = {1427-1441},
    doi = {https://doi.org/10.1029/2019SW002278},
    url = {https://agupubs.onlinelibrary.wiley.com/doi/abs/10.1029/2019SW002278},
    eprint = {https://agupubs.onlinelibrary.wiley.com/doi/pdf/10.1029/2019SW002278},
    year = {2019}
}

@article{2003halloweensweden,
    author = {Webb, David F. and Allen, Joe H.},
    title = {Spacecraft and Ground Anomalies Related to the October-November 2003 Solar Activity},
    journal = {Space Weather},
    volume = {2},
    number = {3},
    pages = {},
    doi = {https://doi.org/10.1029/2004SW000075},
    url = {https://agupubs.onlinelibrary.wiley.com/doi/abs/10.1029/2004SW000075},
    eprint = {https://agupubs.onlinelibrary.wiley.com/doi/pdf/10.1029/2004SW000075},
    year = {2004}
}

 @misc{2022spacex,
    title={The starlink incident},
    url={https://spaceweatherarchive.com/2022/02/09/the-starlink-incident/},
    journal={Spaceweather.com},
    author={Phillips, Dr.Tony},
    year={2022},
    month={Feb}
 } 
 
 @article{2001russell,
       author = {{Russell}, C.~T.},
        title = "{Solar wind and interplanetary magnetic field: A tutorial}",
      journal = {Washington DC American Geophysical Union Geophysical Monograph Series},
         year = 2001,
        month = jan,
       volume = {125},
        pages = {73-89},
          doi = {10.1029/GM125p0073},
       adsurl = {https://ui.adsabs.harvard.edu/abs/2001GMS...125...73R},
      adsnote = {Provided by the SAO/NASA Astrophysics Data System}
}

@article{1976alfven,
    author = {Alfv√©n, Hannes},
    title = {On frozen-in field lines and field-line reconnection},
    journal = {Journal of Geophysical Research (1896-1977)},
    volume = {81},
    number = {22},
    pages = {4019-4021},
    doi = {https://doi.org/10.1029/JA081i022p04019},
    url = {https://agupubs.onlinelibrary.wiley.com/doi/abs/10.1029/JA081i022p04019},
    eprint = {https://agupubs.onlinelibrary.wiley.com/doi/pdf/10.1029/JA081i022p04019},
    year = {1976}
}

@book{2007meyer,
    author = {Meyer-Vernet, N.},
    year = {2007},
    month = {01},
    pages = {},
    title = {Basics of the Solar Wind},
    isbn = {10 0-521-81420-0},
    doi = {10.1017/CBO9780511535765}
}

@article{2006schwenn,
       author = {{Schwenn}, R.},
        title = "{Solar Wind Sources and Their Variations Over the Solar Cycle}",
      journal = {\ssr},
     keywords = {corona, solar wind, high-speed streams, streamers, differential rotation, coronal mass ejections (CMEs), solar activity cycle},
         year = 2006,
        month = jun,
       volume = {124},
       number = {1-4},
        pages = {51-76},
          doi = {10.1007/s11214-006-9099-5},
       adsurl = {https://ui.adsabs.harvard.edu/abs/2006SSRv..124...51S},
      adsnote = {Provided by the SAO/NASA Astrophysics Data System}
}

@article{2015hathaway,
  title={The Solar Cycle},
  author={Hathaway, Davis H.},
  journal={Living Reviews in Solar Physics},
  volume={12},
  number={4},
  year={2015}
}

@misc{lagrangeimage,
    author = {NASA/WMAP Science Team},
    title = {},
    year = {2018},
    note = {[Online; accessed March 29, 2022]},
    url = {https://solarsystem.nasa.gov/system/resources/detail_files/754_990528.jpg}
}

@article{1998ace,
    author = {{Stone}, E.~C. and {Frandsen}, A.~M. and {Mewaldt}, R.~A. and {Christian}, E.~R. and {Margolies}, D. and {Ormes}, J.~F. and {Snow}, F.},
    title = "{The Advanced Composition Explorer}",
    journal = {\ssr},
    year = 1998,
    month = jul,
    volume = {86},
    pages = {1-22},
    doi = {10.1023/A:1005082526237},
    adsurl = {https://ui.adsabs.harvard.edu/abs/1998SSRv...86....1S},
    adsnote = {Provided by the SAO/NASA Astrophysics Data System}
}

@article{1998acemag,
    author = {{Smith}, C.~W. and {L'Heureux}, J. and {Ness}, N.~F. and {Acu{\~n}a}, M.~H. and {Burlaga}, L.~F. and {Scheifele}, J.},
    title = "{The ACE Magnetic Fields Experiment}",
    journal = {\ssr},
    year = 1998,
    month = jul,
    volume = {86},
    pages = {613-632},
    doi = {10.1023/A:1005092216668},
    adsurl = {https://ui.adsabs.harvard.edu/abs/1998SSRv...86..613S},
    adsnote = {Provided by the SAO/NASA Astrophysics Data System}
}

@article{1998aceswepam,
    title = "Solar wind electron proton alpha monitor (SWEPAM) for the advanced composition explorer",
    author = "McComas, {D. J.} and Bame, {S. J.} and P. Barker and Feldman, {W. C.} and Phillips, {J. L.} and P. Riley and Griffee, {J. W.}",
    year = "1998",
    doi = "10.1007/978-94-011-4762-0_20",
    language = "English (US)",
    volume = "86",
    pages = "563--612",
    journal = "Space Science Reviews",
    issn = "0038-6308",
    publisher = "Springer Netherlands",
    number = "1-4",
}

@book{2001coles,
  title={An introduction to statistical modeling of extreme values},
  author={Coles, Stuart and Bawa, Joanna and Trenner, Lesley and Dorazio, Pat},
  volume={208},
  year={2001},
  publisher={Springer}
}

@article{2010tokumaru,
    author = {{Tokumaru}, Munetoshi and {Kojima}, Masayoshi and {Fujiki}, Ken'ichi},
    title = "{Solar cycle evolution of the solar wind speed distribution from 1985 to 2008}",
    journal = {Journal of Geophysical Research (Space Physics)},
    year = 2010,
    month = apr,
    volume = {115},
    number = {A4},
    eid = {A04102},
    pages = {A04102},
    doi = {10.1029/2009JA014628},
    adsurl = {https://ui.adsabs.harvard.edu/abs/2010JGRA..115.4102T},
    adsnote = {Provided by the SAO/NASA Astrophysics Data System}
}

